%% This BibTeX bibliography file was created using BibDesk.
%% https://bibdesk.sourceforge.io/

%% Created for Dan Yurovsky at 2020-01-20 14:58:41 -0500 


%% Saved with string encoding Unicode (UTF-8) 



@article{devlin2018,
	Author = {Devlin, Jacob and Chang, Ming-Wei and Lee, Kenton and Toutanova, Kristina},
	Date-Added = {2020-01-20 14:58:40 -0500},
	Date-Modified = {2020-01-20 14:58:41 -0500},
	Journal = {arXiv preprint arXiv:1810.04805},
	Title = {Bert: Pre-training of deep bidirectional transformers for language understanding},
	Year = {2018}}

@inproceedings{mikolov2013,
	Author = {Mikolov, Tomas and Sutskever, Ilya and Chen, Kai and Corrado, Greg S and Dean, Jeff},
	Booktitle = {Advances in neural information processing systems},
	Date-Added = {2020-01-20 14:57:40 -0500},
	Date-Modified = {2020-01-20 14:57:42 -0500},
	Pages = {3111--3119},
	Title = {Distributed representations of words and phrases and their compositionality},
	Year = {2013}}

@article{bedny2019,
	Author = {Bedny, Marina and Koster-Hale, Jorie and Elli, Giulia and Yazzolino, Lindsay and Saxe, Rebecca},
	Date-Added = {2020-01-20 14:55:59 -0500},
	Date-Modified = {2020-01-20 14:55:59 -0500},
	Journal = {Cognition},
	Pages = {105--115},
	Publisher = {Elsevier},
	Title = {There's more to ``sparkle'' than meets the eye: Knowledge of vision and light verbs among congenitally blind and sighted individuals},
	Volume = {189},
	Year = {2019}}

@book{landau2009,
	Author = {Landau, Barbara and Gleitman, Lila R and Landau, Barbara},
	Date-Added = {2020-01-20 14:52:58 -0500},
	Date-Modified = {2020-01-20 14:52:58 -0500},
	Publisher = {Harvard University Press},
	Title = {Language and experience: Evidence from the blind child},
	Volume = {8},
	Year = {2009}}

@article{landauer1997,
	Author = {Landauer, Thomas K and Dumais, Susan T},
	Date-Added = {2020-01-20 11:04:46 -0500},
	Date-Modified = {2020-01-20 11:04:46 -0500},
	Journal = {Psychological review},
	Number = {2},
	Pages = {211},
	Publisher = {American Psychological Association},
	Title = {A solution to Plato's problem: The latent semantic analysis theory of acquisition, induction, and representation of knowledge.},
	Volume = {104},
	Year = {1997}}

@article{rhodes2012,
	Author = {Rhodes, Marjorie and Leslie, Sarah-Jane and Tworek, Christina M},
	Date-Added = {2020-01-20 11:00:47 -0500},
	Date-Modified = {2020-01-20 11:00:47 -0500},
	Journal = {Proceedings of the National Academy of Sciences},
	Number = {34},
	Pages = {13526--13531},
	Publisher = {National Acad Sciences},
	Title = {Cultural transmission of social essentialism},
	Volume = {109},
	Year = {2012}}

@article{stahl2015,
	Author = {Stahl, Aimee E and Feigenson, Lisa},
	Date-Added = {2020-01-20 10:56:19 -0500},
	Date-Modified = {2020-01-20 10:56:19 -0500},
	Journal = {Science},
	Number = {6230},
	Pages = {91--94},
	Publisher = {American Association for the Advancement of Science},
	Title = {Observing the unexpected enhances infants' learning and exploration},
	Volume = {348},
	Year = {2015}}

@article{sloutsky2004,
	Author = {Sloutsky, Vladimir M and Fisher, Anna V},
	Date-Added = {2020-01-20 10:55:11 -0500},
	Date-Modified = {2020-01-20 10:55:12 -0500},
	Journal = {Journal of Experimental Psychology: General},
	Number = {2},
	Pages = {166},
	Publisher = {American Psychological Association},
	Title = {Induction and categorization in young children: a similarity-based model.},
	Volume = {133},
	Year = {2004}}

@book{rogers2004,
	Author = {Rogers, Timothy T and McClelland, James L},
	Date-Added = {2020-01-20 10:49:42 -0500},
	Date-Modified = {2020-01-20 10:49:42 -0500},
	Publisher = {MIT press},
	Title = {Semantic cognition: A parallel distributed processing approach},
	Year = {2004}}

@article{legare2016,
	Author = {Legare, Cristine H and Harris, Paul L},
	Date-Added = {2020-01-20 10:48:31 -0500},
	Date-Modified = {2020-01-20 10:48:31 -0500},
	Journal = {Child development},
	Number = {3},
	Pages = {633--642},
	Publisher = {Wiley Online Library},
	Title = {The ontogeny of cultural learning},
	Volume = {87},
	Year = {2016}}

@article{baillargeon1994,
	Author = {Baillargeon, Renee},
	Date-Modified = {2020-01-20 10:46:00 -0500},
	Journal = {Current Directions in Psychological Science},
	Number = {5},
	Pages = {133--140},
	Publisher = {SAGE Publications Sage CA: Los Angeles, CA},
	Title = {How do infants learn about the physical world?},
	Volume = {3},
	Year = {1994}}
